@article{DBLP:journals/corr/abs-1812-08008,
	author    = {Zhe Cao and
	Gines Hidalgo and
	Tomas Simon and
	Shih{-}En Wei and
	Yaser Sheikh},
	title     = {OpenPose: Realtime Multi-Person 2D Pose Estimation using Part Affinity
	Fields},
	journal   = {CoRR},
	volume    = {abs/1812.08008},
	year      = {2018},
	url       = {http://arxiv.org/abs/1812.08008},
	eprinttype = {arXiv},
	eprint    = {1812.08008},
	timestamp = {Wed, 02 Jan 2019 14:40:18 +0100},
	biburl    = {https://dblp.org/rec/journals/corr/abs-1812-08008.bib},
	bibsource = {dblp computer science bibliography, https://dblp.org}
}
@article{DBLP:journals/corr/CaoSWS16,
	author    = {Zhe Cao and
	Tomas Simon and
	Shih{-}En Wei and
	Yaser Sheikh},
	title     = {Realtime Multi-Person 2D Pose Estimation using Part Affinity Fields},
	journal   = {CoRR},
	volume    = {abs/1611.08050},
	year      = {2016},
	url       = {http://arxiv.org/abs/1611.08050},
	eprinttype = {arXiv},
	eprint    = {1611.08050},
	timestamp = {Mon, 13 Aug 2018 16:47:26 +0200},
	biburl    = {https://dblp.org/rec/journals/corr/CaoSWS16.bib},
	bibsource = {dblp computer science bibliography, https://dblp.org}
}
@InProceedings{cCao_2017_CVPR,
	author = {Cao, Zhe and Simon, Tomas and Wei, Shih-En and Sheikh, Yaser},
	title = {Realtime Multi-Person 2D Pose Estimation Using Part Affinity Fields},
	booktitle = {Proceedings of the IEEE Conference on Computer Vision and Pattern Recognition (CVPR)},
	month = {July},
	year = {2017}
}
@inproceedings{andriluka20142d,
	title={2d human pose estimation: New benchmark and state of the art analysis},
	author={Andriluka, Mykhaylo and Pishchulin, Leonid and Gehler, Peter and Schiele, Bernt},
	booktitle={Proceedings of the IEEE Conference on computer Vision and Pattern Recognition},
	pages={3686--3693},
	year={2014}
}
@inproceedings{lin2014microsoft,
	title={Microsoft coco: Common objects in context},
	author={Lin, Tsung-Yi and Maire, Michael and Belongie, Serge and Hays, James and Perona, Pietro and Ramanan, Deva and Doll{\'a}r, Piotr and Zitnick, C Lawrence},
	booktitle={European conference on computer vision},
	pages={740--755},
	year={2014},
	organization={Springer}
}
@inproceedings{insafutdinov2016deepercut,
	title={Deepercut: A deeper, stronger, and faster multi-person pose estimation model},
	author={Insafutdinov, Eldar and Pishchulin, Leonid and Andres, Bjoern and Andriluka, Mykhaylo and Schiele, Bernt},
	booktitle={European conference on computer vision},
	pages={34--50},
	year={2016},
	organization={Springer}
}
@article{newell2017associative,
	title={Associative embedding: End-to-end learning for joint detection and grouping},
	author={Newell, Alejandro and Huang, Zhiao and Deng, Jia},
	journal={Advances in neural information processing systems},
	volume={30},
	year={2017}
}
@inproceedings{he2017mask,
	title={Mask r-cnn},
	author={He, Kaiming and Gkioxari, Georgia and Doll{\'a}r, Piotr and Girshick, Ross},
	booktitle={Proceedings of the IEEE international conference on computer vision},
	pages={2961--2969},
	year={2017}
}
@inproceedings{fang2017rmpe,
	title={Rmpe: Regional multi-person pose estimation},
	author={Fang, Hao-Shu and Xie, Shuqin and Tai, Yu-Wing and Lu, Cewu},
	booktitle={Proceedings of the IEEE international conference on computer vision},
	pages={2334--2343},
	year={2017}
}
@inproceedings{chen2018cascaded,
	title={Cascaded pyramid network for multi-person pose estimation},
	author={Chen, Yilun and Wang, Zhicheng and Peng, Yuxiang and Zhang, Zhiqiang and Yu, Gang and Sun, Jian},
	booktitle={Proceedings of the IEEE conference on computer vision and pattern recognition},
	pages={7103--7112},
	year={2018}
}
@inproceedings{xiao2018simple,
	title={Simple baselines for human pose estimation and tracking},
	author={Xiao, Bin and Wu, Haiping and Wei, Yichen},
	booktitle={Proceedings of the European conference on computer vision (ECCV)},
	pages={466--481},
	year={2018}
}
@inproceedings{fieraru2018learning,
	title={Learning to refine human pose estimation},
	author={Fieraru, Mihai and Khoreva, Anna and Pishchulin, Leonid and Schiele, Bernt},
	booktitle={Proceedings of the IEEE conference on computer vision and pattern recognition workshops},
	pages={205--214},
	year={2018}
}
@article{ning2017knowledge,
	title={Knowledge-guided deep fractal neural networks for human pose estimation},
	author={Ning, Guanghan and Zhang, Zhi and He, Zhiquan},
	journal={IEEE Transactions on Multimedia},
	volume={20},
	number={5},
	pages={1246--1259},
	year={2017},
	publisher={IEEE}
}
@inproceedings{ke2018multi,
	title={Multi-scale structure-aware network for human pose estimation},
	author={Ke, Lipeng and Chang, Ming-Ching and Qi, Honggang and Lyu, Siwei},
	booktitle={Proceedings of the european conference on computer vision (ECCV)},
	pages={713--728},
	year={2018}
}
@article{Vaswani2017AttentionIA,
	title={Attention is All you Need},
	author={Ashish Vaswani and Noam M. Shazeer and Niki Parmar and Jakob Uszkoreit and Llion Jones and Aidan N. Gomez and Lukasz Kaiser and Illia Polosukhin},
	journal={ArXiv},
	year={2017},
	volume={abs/1706.03762}
}
@article{Dosovitskiy2021AnII,
	title={An Image is Worth 16x16 Words: Transformers for Image Recognition at Scale},
	author={Alexey Dosovitskiy and Lucas Beyer and Alexander Kolesnikov and Dirk Weissenborn and Xiaohua Zhai and Thomas Unterthiner and Mostafa Dehghani and Matthias Minderer and Georg Heigold and Sylvain Gelly and Jakob Uszkoreit and Neil Houlsby},
	journal={ArXiv},
	year={2021},
	volume={abs/2010.11929}
}
@article{Howard2017MobileNetsEC,
	title={MobileNets: Efficient Convolutional Neural Networks for Mobile Vision Applications},
	author={Andrew G. Howard and Menglong Zhu and Bo Chen and Dmitry Kalenichenko and Weijun Wang and Tobias Weyand and Marco Andreetto and Hartwig Adam},
	journal={ArXiv},
	year={2017},
	volume={abs/1704.04861}
}
@article{Groos2021EfficientPoseSS,
	title={EfficientPose: Scalable single-person pose estimation},
	author={Daniel Groos and Heri Ramampiaro and Espen Alexander F{\"u}rst Ihlen},
	journal={Applied Intelligence},
	year={2021},
	volume={51},
	pages={2518-2533}
}